@article{OfflineRL,
  author =       "Sergey Levine \& Aviral Kumar \& George Tucker \& Justin Fu",
  title =        "Offline Reinforcement Learning: Tutorial, Review, and Perspectives on Open Problems",
  volume =       "612",
  year =         "2020",
  keywords =     "machine learning"
}

@article{DPG,
  author =       "David Silver \& Guy Lever",
  title =        "Deterministic policy gradient algorithms",
  journal =      "International Conference on Machine Learning",
  volume =       "3177",
  year =         "2014",
  pages =        "387–395",
  keywords =     "machine learning"
}

@article{DDQN,
  author =       "Hado van Hasselt",
  title =        "Double q-learning",
  journal =      "Advances in Neural Information Processing Systems",
  volume =       "1315",
  year =         "2010",
  pages =        "2613–2621",
  keywords =     "machine learning"
}

@article{ADQN,
  author =       "Oron Anschel \& Nir Baram \& Nahum Shimkin",
  title =        "Averaged-dqn: Variance reduction and stabilization for deep reinforcement learning",
  journal =      "International Conference on Machine Learning",
  volume =       "238",
  year =         "2017",
  pages =        "176–185",
  keywords =     "machine learning"
}
 
@online{knuthwebsite,
    author    = "Donald Knuth",
    title     = "Knuth: Computers and Typesetting",
    url       = "http://www-cs-faculty.stanford.edu/~uno/abcde.html",
    keywords  = "latex,knuth"
}

@inbook{knuth-fa,
   author = "Donald E. Knuth",
   title = "Fundamental Algorithms",
   publisher = "Addison-Wesley",
   year = "1973",
   chapter = "1.2",
   keywords  = "knuth,programming"
}

@book{knuth-acp,
   author = "Donald E. Knuth",
   publisher = "Addison-Wesley",
   title = "The Art of Computer Programming",
   series = "Four volumes",
   year = "1968",
   note = "Seven volumes planned",
   keywords  = "knuth,programming"
}

@article{ctan,
    author  = "George D. Greenwade",
    title   = "The {C}omprehensive {T}ex {A}rchive {N}etwork ({CTAN})",
    year    = "1993",
    journal = "TUGBoat",
    volume  = "14",
    number  = "3",
    pages   = "342--351",
    keywords  = "latex"
}